Most entries will take the article, book or unpublished form. Attributes of each entry will differ but should always include the author, title, year and if possible DOI.

@article{cuoco2000,
    author = {Cuoco, Al},
    year = {2000},
    month = {11},
    pages = {373-378},
    title = {Meta-Problems in Mathematics},
    volume = {31},
    journal = {The College Mathematics Journal},
    doi = {10.1080/07468342.2000.11974176}
}

@article{naiman2022,
    author = {Naiman, Aaron},
    year = {2022},
    month = {10},
    pages = {1-7},
    title = {Generating parametrized linear systems for teaching linear algebra},
    volume = {55},
    journal = {International Journal of Mathematical Education in Science and Technology},
    doi = {10.1080/0020739X.2022.2114107}
}

NOTE: I think this has been published now, so update.
@unpublished{steele2003,
    author = {Steele, J.~D},
    title = {Setting Linear Algebra Problems},
    note = {Preprint, University of New South Wales, PM 97/2. {\tt http://web.maths.unsw.edu.au/$\tilde{\ }$jds/Papers/linalg.pdf}},
    year = {2003}
}

@article{johnson2011,
    author = {Johnson, C.},
    title = {Nice cubics},
    journal = {The Mathematical Gazette},
    year = {2011},
    volume = {95},
    number = {533},
    pages = {273--279},
    month = {7},
    doi  = {10.1017/S002555720000303X}
}

@article{shirali2022, 
    author = {Shirali, S.~A},
    title = {Creating 'Nice' Problems in Elementary Mathematics},
    journal = {Resonance},
    volume = {27},
    pages = {39–46},
    month = {1},
    year = {2022},
    doi = {10.1007/s12045-022-1292-7}
}

@article{shirali2022_ii, 
    author = {Shirali, S.~A},
    title = {Creating 'Nice' Problems in Elementary Mathematics II},
    journal = {Resonance},
    volume = {27},
    pages = {207–-215},
    month = {2},
    year = {2022},
    doi = {10.1007/s12045-022-1309-2}
}

@article{shirali2022_iii, 
    author = {Shirali, S.~A},
    title = {Creating 'Nice' Problems in Elementary Mathematics III},
    journal = {Resonance},
    volume = {27},
    pages = {339-352},
    month = {3},
    year = {2022},
    doi = {10.1007/s12045-022-1325-2}
}

@article{convertito2016,
    author = {Convertito, Gregory},
    title = {Building the Biggest Box: Three-factor Polynomials and a Diophantine Equation},
    journal = {Mathematics Magazine},
    volume = {89},
    number = {3},
    pages = {201--211},
    year = {2016},
    month = {6},
    doi = {10.4169/math.mag.89.3.201}
}

@article{Robson2001,
  author =       {Robson, E.},
  title =        {Neither {S}herlock {H}olmes nor {B}abylon: A Reassessment of {P}limpton 322},
  journal =      {Historia Mathematica},
  year =         {2001},
  volume =       {28},
  number =       {3},
  pages =        {167--206},
}

@article{Mansfield2017,
    author = {Mansfield, D.~F. and Wildberger, N.~J.},
    title = {{P}limpton 322 is {B}abylonian exact sexagesimal trigonometry},
    journal = {Historia Mathematica},
    year = {2017},
    doi =        {doi.org/10.1016/j.hm.2017.08.001},
}

@article{buddenhagen1992,
    author = {Buddenhagen, Jim},
    title = {Nice Cubic Polynomials, Pythagorean Triples, and the Law of Cosines},
    journal = {Mathematics Magazine},
    volume = {65},
    number = {4},
    year = {1992},
    month = {10},
    pages = {244--249},
    doi = {https://doi.org/10.2307/2691448}
}












